
@ARTICLE{tecnologia_verde,
	author = {Alisson Gonçalves Ferreira},
	title = {Tecnologias da informação verdes.},
	year = {2009},
	school = {Instituto Superior de Educação do Paraná}
}

@ONLINE{Arduino,
title = {Arduíno Introduction},
year = {2014},
url = {http://www.arduino.cc/en/Guide/Introduction}
}